<record><leader>00000cas a2200000   4500</leader><controlfield tag="001">5835507</controlfield><controlfield tag="008">791231d19371976nyuer ne      0    0eng d</controlfield><controlfield tag="009">394</controlfield><datafield ind1=" " ind2=" " tag="010"><subfield code="a">sn 88074766 </subfield></datafield><datafield ind1=" " ind2=" " tag="040"><subfield code="a">YQR</subfield><subfield code="b">eng</subfield><subfield code="c">YQR</subfield><subfield code="d">NYS</subfield><subfield code="d">OCL</subfield><subfield code="d">OCLCQ</subfield></datafield><datafield ind1="1" ind2=" " tag="029"><subfield code="a">AU@</subfield><subfield code="b">000025832904</subfield></datafield><datafield ind1=" " ind2=" " tag="042"><subfield code="a">msc</subfield></datafield><datafield ind1="0" ind2="4" tag="245"><subfield code="a">The Eighteenth warder.</subfield></datafield><datafield ind1="3" ind2="0" tag="246"><subfield code="a">$10 for a name</subfield></datafield><datafield ind1=" " ind2=" " tag="260"><subfield code="a">Rochester, N.Y. :</subfield><subfield code="b">A.P. Larkin,</subfield><subfield code="c">1937-1976.</subfield></datafield><datafield ind1=" " ind2=" " tag="300"><subfield code="a">v.</subfield><subfield code="b">ill.</subfield><subfield code="c">43 cm.</subfield></datafield><datafield ind1=" " ind2=" " tag="310"><subfield code="a">Biweekly</subfield></datafield><datafield ind1="0" ind2=" " tag="362"><subfield code="a">Vol. 1, no. 1 (Sept. 9, 1937)-39th year, no. 15 (Apr. 14, 1976).</subfield></datafield><datafield ind1=" " ind2=" " tag="500"><subfield code="a">"Serving the 18th Ward - 21st Ward - Irondequoit - Brighton areas."</subfield></datafield><datafield ind1=" " ind2=" " tag="500"><subfield code="a">Vol. 1, no. 1 (Sept. 9, 1937) titled: $10 for a name.</subfield></datafield><datafield ind1=" " ind2="4" tag="651"><subfield code="a">Rochester (N.Y.)</subfield><subfield code="v">Newspapers.</subfield></datafield><datafield ind1=" " ind2=" " tag="752"><subfield code="a">United States</subfield><subfield code="b">New York</subfield><subfield code="c">Monroe</subfield><subfield code="d">Rochester.</subfield></datafield><datafield ind1="0" ind2="0" tag="785"><subfield code="t">Eastsider</subfield><subfield code="w">(DLC)sn 88074767</subfield><subfield code="w">(OCoLC)5835516</subfield></datafield></record>